<record><leader>00000cas a2200000 a 4500</leader><controlfield tag="001">11531214</controlfield><controlfield tag="008">841228d18881888ksuwr ne      0   a0eng d</controlfield><datafield ind1=" " ind2=" " tag="010"><subfield code="a">sn 84030385 </subfield></datafield><datafield ind1=" " ind2=" " tag="040"><subfield code="a">KSH</subfield><subfield code="b">eng</subfield><subfield code="c">KSH</subfield><subfield code="d">NPT</subfield><subfield code="d">OCL</subfield><subfield code="d">OCLCQ</subfield></datafield><datafield ind1=" " ind2=" " tag="042"><subfield code="a">msc</subfield></datafield><datafield ind1="0" ind2="0" tag="245"><subfield code="a">Anthony weekly journal.</subfield></datafield><datafield ind1=" " ind2=" " tag="260"><subfield code="a">Anthony, Kan. :</subfield><subfield code="b">Anthony Journal Co.,</subfield><subfield code="c">-1888.</subfield></datafield><datafield ind1=" " ind2=" " tag="300"><subfield code="a">v. :</subfield><subfield code="b">ill. ;</subfield><subfield code="c">55 cm.</subfield></datafield><datafield ind1=" " ind2=" " tag="310"><subfield code="a">Weekly</subfield></datafield><datafield ind1="0" ind2=" " tag="362"><subfield code="a">-v. 2, no. 23 (Oct. 11, 1888).</subfield></datafield><datafield ind1="1" ind2=" " tag="362"><subfield code="a">Began with Apr. 20, 1888 issue?</subfield></datafield><datafield ind1=" " ind2=" " tag="500"><subfield code="a">"Republican." Cf. Ayer, 1888.</subfield></datafield><datafield ind1=" " ind2=" " tag="515"><subfield code="a">Numbering is irregular.</subfield></datafield><datafield ind1=" " ind2=" " tag="580"><subfield code="a">Issued also in daily edition called: Anthony daily journal, Apr. 16-&lt;Sept. 12, 1888&gt;.</subfield></datafield><datafield ind1=" " ind2=" " tag="588"><subfield code="a">Description based on: Vol. 1, no. 51 (Apr. 27, 1888).</subfield></datafield><datafield ind1=" " ind2=" " tag="752"><subfield code="a">United States</subfield><subfield code="b">Kansas</subfield><subfield code="c">Harper</subfield><subfield code="d">Anthony.</subfield></datafield><datafield ind1="1" ind2=" " tag="775"><subfield code="t">Anthony daily journal</subfield><subfield code="w">(DLC)sn 84030376</subfield></datafield><datafield ind1="0" ind2="0" tag="780"><subfield code="t">Weekly free press (Anthony, Kan.)</subfield><subfield code="w">(DLC)sn 84030383</subfield></datafield><datafield ind1="0" ind2="0" tag="785"><subfield code="t">Anthony journal (Anthony, Kan. : 1888)</subfield><subfield code="w">(DLC)sn 84030386</subfield></datafield></record>